@article{Einstein:1905ve,
	author = "Einstein, Albert",
	title = "{On the electrodynamics of moving bodies}",
	doi = "10.1002/andp.200590006",
	journal = "Annalen Phys.",
	volume = "17",
	year = "1905"
}